@article{rabiner1989tutorial,
  title={A tutorial on hidden Markov models and selected applications in speech recognition},
  author={Rabiner, Lawrence R},
  journal={Proceedings of the IEEE},
  volume={77},
  number={2},
  pages={257--286},
  year={1989},
  publisher={Ieee}
}
@article{burge1997prediction,
  title={Prediction of complete gene structures in human genomic DNA},
  author={Burge, Chris and Karlin, Samuel},
  journal={Journal of molecular biology},
  volume={268},
  number={1},
  pages={78--94},
  year={1997},
  publisher={Elsevier}
}
@article{salzberg1998modeling,
  title={Modeling dependencies in pre-mRNA splicing signals},
  author={Salzberg, SL and Searls, DB and Kasif, S},
  journal={Computational methods in molecular biology},
  volume={32},
  pages={129},
  year={1998},
  publisher={Elsevier}
}
@book{Jurafsky:2009:SLP:1214993,
 author = {Dan Jurafsky and James H. Martin},
 title = {Speech and Language Processing (3rd ed. draft)},
 year = {2019},
} 
@book{borodovsky2006problems,
  title={Problems and solutions in biological sequence analysis},
  author={Borodovsky, Mark and Ekisheva, Svetlana},
  year={2006},
  publisher={Cambridge University Press}
}